@article{rossi,
    author  = "Louis F. Rossi",
    title   = "Achieving high-order convergence rates with feforming basis functions",
    year    = "2005",
    journal = "SIAM J. Sci. Comput.",
    volume  = "26",
    number  = "3",
    pages   = "885-906"
}

@article{swp,
    author  = "Hyokwang Lee and Soonhung Han",
    title   = "Solving the shallow water equations using 2{D} {SPH} particles for interactive applications",
    year    = "2010",
    journal = "Vis Comput",
    volume  = "26",
    pages   = "865-872"
}
